@book{pishro2014introduction,
  title={Introduction to Probability, Statistics, and Random Processes},
  author={Pishro-Nik, H.},
  isbn={9780990637202},
  lccn={2015295671},
  url={https://books.google.co.in/books?id=3yq_oQEACAAJ},
  year={2014},
  publisher={Kappa Research, LLC}
}

@book{myReference,
 ISBN = {9780691140629},
 URL = {http://www.jstor.org/stable/j.ctvcm4gtc},
 author = {William J. Stewart},
 publisher = {Princeton University Press},
 title = {Probability, Markov Chains, Queues, and Simulation: The Mathematical Basis of Performance Modeling},
 urldate = {2024-11-02},
 year = {2009}
}

@book{RobertazziQ,
author = {Robertazzi, Thomas G.},
title = {Computer Networks and Systems: Queueing Theory and Performance Evaluation},
year = {2000},
isbn = {0387950370},
publisher = {Springer-Verlag},
address = {Berlin, Heidelberg},
edition = {3rd},
}